%YAML 1.1
%TAG !u! tag:unity3d.com,2011:
--- !u!1 &195218
GameObject:
  m_ObjectHideFlags: 0
  m_PrefabParentObject: {fileID: 0}
  m_PrefabInternal: {fileID: 100100000}
  serializedVersion: 4
  m_Component:
  - 4: {fileID: 403176}
  - 114: {fileID: 11409358}
  - 114: {fileID: 11449026}
  m_Layer: 0
  m_Name: Game Controller
  m_TagString: Untagged
  m_Icon: {fileID: 0}
  m_NavMeshLayer: 0
  m_StaticEditorFlags: 0
  m_IsActive: 1
--- !u!4 &403176
Transform:
  m_ObjectHideFlags: 1
  m_PrefabParentObject: {fileID: 0}
  m_PrefabInternal: {fileID: 100100000}
  m_GameObject: {fileID: 195218}
  m_LocalRotation: {x: 0, y: 0, z: 0, w: 1}
  m_LocalPosition: {x: 0, y: 0, z: 0}
  m_LocalScale: {x: 1, y: 1, z: 1}
  m_Children: []
  m_Father: {fileID: 0}
  m_RootOrder: 0
--- !u!114 &11409358
MonoBehaviour:
  m_ObjectHideFlags: 1
  m_PrefabParentObject: {fileID: 0}
  m_PrefabInternal: {fileID: 100100000}
  m_GameObject: {fileID: 195218}
  m_Enabled: 1
  m_EditorHideFlags: 0
  m_Script: {fileID: 11500000, guid: 3694af9f2ebb10840bf4286a8d889402, type: 3}
  m_Name: 
  m_EditorClassIdentifier: 
  isPlayerTurn: 0
  areEnemiesMoving: 0
--- !u!114 &11449026
MonoBehaviour:
  m_ObjectHideFlags: 1
  m_PrefabParentObject: {fileID: 0}
  m_PrefabInternal: {fileID: 100100000}
  m_GameObject: {fileID: 195218}
  m_Enabled: 1
  m_EditorHideFlags: 0
  m_Script: {fileID: 11500000, guid: 504e9c022f7f3804590a6cf2867362db, type: 3}
  m_Name: 
  m_EditorClassIdentifier: 
  columns: 10
  rows: 10
  floors:
  - {fileID: 104438, guid: 8887f30b34f55ba47b1c8686739426e8, type: 2}
  - {fileID: 142100, guid: a9e84e69b89c227409d66a895b869c8c, type: 2}
  - {fileID: 154922, guid: 4f0465320be06f24894cbafb673caf0b, type: 2}
  - {fileID: 153716, guid: 11d4466b84ea7b9418297847ea4ea445, type: 2}
  - {fileID: 189250, guid: f09b8aa61a3ed4b4b8450fd5c5bd54a0, type: 2}
  - {fileID: 132838, guid: 4295ae024a2b1a9418c4e221ec676733, type: 2}
  - {fileID: 197238, guid: 270956a0c80005846a912e808562beed, type: 2}
  - {fileID: 164248, guid: 6e7a58e347587e84eba7a08d4f8bc38d, type: 2}
  outerWalls:
  - {fileID: 126872, guid: 3f2c2460c9842ed4f9baf9e2bdee0304, type: 2}
  - {fileID: 115238, guid: e782e44e3994ef045b7006da9145b2a2, type: 2}
  - {fileID: 198850, guid: d0dd9abb6ee17fb4c858770eede7b506, type: 2}
  wallObstacles:
  - {fileID: 111268, guid: 6cc3da03685123e438d028b8c2419516, type: 2}
  - {fileID: 123728, guid: b384a89992741ba499ff5cf63b56d743, type: 2}
  - {fileID: 128216, guid: ad54eaae81bb3af4db63a0de360f81e4, type: 2}
  - {fileID: 190422, guid: 8f14aa6c52430cd49bed92c8970d77a7, type: 2}
  - {fileID: 112956, guid: 2735911bed2d3ea419bcf9cc9cbf013d, type: 2}
  - {fileID: 157004, guid: 03cd136608ed613499a59238c563a320, type: 2}
  - {fileID: 195938, guid: e51802cf8dd519a479ef227fe7665911, type: 2}
  - {fileID: 141638, guid: 092769ba18fc6ca48ae6933373cb93b2, type: 2}
  foodItems:
  - {fileID: 108440, guid: d28d9511e63bcc8449a9e0c81b3397d8, type: 2}
  - {fileID: 141294, guid: 816a7a00c396bfe47a9fc850653a8e87, type: 2}
  - {fileID: 104202, guid: 1a0b50957f1b90944925c0327487cf86, type: 2}
  tree:
  - {fileID: 104202, guid: 1a0b50957f1b90944925c0327487cf86, type: 2}
  enemies:
  - {fileID: 146604, guid: daef22c4101e43c4b84ea6ac43a5b450, type: 2}
  - {fileID: 107574, guid: 4052cc212da4b6347a0bd7de87faa1b0, type: 2}
  - {fileID: 111904, guid: 78b2fba47b1aab64b8dffaa7da755c99, type: 2}
  exit: {fileID: 147572, guid: a1e5d9f75cd5be8478a5e234489e49fc, type: 2}
--- !u!1001 &100100000
Prefab:
  m_ObjectHideFlags: 1
  serializedVersion: 2
  m_Modification:
    m_TransformParent: {fileID: 0}
    m_Modifications:
    - target: {fileID: 0}
      propertyPath: enemies.Array.size
      value: 2
      objectReference: {fileID: 0}
    - target: {fileID: 0}
      propertyPath: foodItems.Array.size
      value: 2
      objectReference: {fileID: 0}
    - target: {fileID: 0}
      propertyPath: outerWalls.Array.size
      value: 3
      objectReference: {fileID: 0}
    - target: {fileID: 0}
      propertyPath: wallObstacles.Array.size
      value: 8
      objectReference: {fileID: 0}
    - target: {fileID: 0}
      propertyPath: m_StaticEditorFlags
      value: 0
      objectReference: {fileID: 0}
    - target: {fileID: 0}
      propertyPath: exit
      value: 
      objectReference: {fileID: 147572, guid: a1e5d9f75cd5be8478a5e234489e49fc, type: 2}
    m_RemovedComponents: []
  m_ParentPrefab: {fileID: 0}
  m_RootGameObject: {fileID: 195218}
  m_IsPrefabParent: 1
